<collection xmlns="http://www.loc.gov/MARC21/slim"><record><leader>00666nam  2200205   450</leader><controlfield tag="001">16655</controlfield><controlfield tag="003">http://montalegre.opacnet.com/OPAC/default.aspx?ContentAreaControl=ShowRegHoldings.ascx&amp;RegNo=16662</controlfield><controlfield tag="005">20</controlfield><datafield tag="100" ind1=" " ind2=" "><subfield code="a">20140403d1965    m  y0pory0103    ba</subfield></datafield><datafield tag="101" ind1="0" ind2=" "><subfield code="a">por</subfield></datafield><datafield tag="102" ind1=" " ind2=" "><subfield code="a">PT</subfield></datafield><datafield tag="200" ind1="1" ind2=" "><subfield code="a">As Ideias e a Vida</subfield><subfield code="f">Mário Braga</subfield></datafield><datafield tag="210" ind1=" " ind2=" "><subfield code="a">Coimbra</subfield><subfield code="c">Atlântida</subfield><subfield code="d">1965</subfield></datafield><datafield tag="215" ind1=" " ind2=" "><subfield code="a">2º vol.: 206 p.</subfield><subfield code="d">20 cm</subfield></datafield><datafield tag="307" ind1=" " ind2=" "><subfield code="a">2º vol.</subfield></datafield><datafield tag="606" ind1=" " ind2=" "><subfield code="a">Literatura portuguesa</subfield><subfield code="2">Autoridade</subfield><subfield code="3">PT-----------2012041710390005598</subfield></datafield><datafield tag="675" ind1=" " ind2=" "><subfield code="a">821.134.3-94</subfield></datafield><datafield tag="700" ind1=" " ind2="1"><subfield code="a">Braga</subfield><subfield code="b">Mário</subfield></datafield><datafield tag="801" ind1=" " ind2="0"><subfield code="a">PT</subfield><subfield code="b">Biblioteca Municipal de Montalegre</subfield><subfield code="g">RPC</subfield></datafield><datafield tag="856" ind1=" " ind2=" "><subfield code="u">locateMedia.aspx?cod=20140403162310&amp;ext=jpg</subfield><subfield code="z">CAPA</subfield></datafield><datafield tag="909" ind1="&#9;" ind2=" "><subfield code="a">1</subfield></datafield><datafield tag="966" ind1=" " ind2=" "><subfield code="a">0011575</subfield><subfield code="d">2</subfield><subfield code="l">BMM</subfield><subfield code="s">SCG 821.134.3-94 BRA ide</subfield></datafield></record></collection>